<record><leader>00000cas a2200000 a 4500</leader><controlfield tag="001">9855140</controlfield><controlfield tag="008">830827d18431846ohuwr ne      0   a0eng c</controlfield><datafield ind1=" " ind2=" " tag="010"><subfield code="a">sn 83035432 </subfield></datafield><datafield ind1=" " ind2=" " tag="040"><subfield code="a">NPY</subfield><subfield code="b">eng</subfield><subfield code="c">NPY</subfield><subfield code="d">OCL</subfield><subfield code="d">NPX</subfield><subfield code="d">DLC</subfield><subfield code="d">NPU</subfield><subfield code="d">NPI</subfield><subfield code="d">ONP</subfield><subfield code="d">KNP</subfield><subfield code="d">NVF</subfield><subfield code="d">CRL</subfield><subfield code="d">DLC</subfield><subfield code="d">GUA</subfield><subfield code="d">DLC</subfield><subfield code="d">OCLCQ</subfield><subfield code="d">OCLCF</subfield><subfield code="d">OCLCO</subfield></datafield><datafield ind1=" " ind2=" " tag="012"><subfield code="b">3</subfield><subfield code="l">1</subfield></datafield><datafield ind1=" " ind2=" " tag="019"><subfield code="a">2139408</subfield></datafield><datafield ind1="0" ind2=" " tag="022"><subfield code="a">2158-3358</subfield><subfield code="2">1</subfield></datafield><datafield ind1="1" ind2=" " tag="029"><subfield code="a">AU@</subfield><subfield code="b">000025784034</subfield></datafield><datafield ind1=" " ind2=" " tag="042"><subfield code="a">pcc</subfield><subfield code="a">nsdp</subfield></datafield><datafield ind1=" " ind2=" " tag="043"><subfield code="a">n-us-oh</subfield></datafield><datafield ind1="0" ind2="0" tag="050"><subfield code="a">Newspaper 9245</subfield></datafield><datafield ind1="1" ind2="0" tag="082"><subfield code="a">051</subfield><subfield code="2">14</subfield></datafield><datafield ind1=" " ind2="0" tag="222"><subfield code="a">Cincinnati weekly herald and philanthropist</subfield></datafield><datafield ind1="0" ind2="0" tag="245"><subfield code="a">Cincinnati weekly herald and philanthropist.</subfield></datafield><datafield ind1="1" ind2="6" tag="246"><subfield code="a">Weekly herald and philanthropist</subfield></datafield><datafield ind1=" " ind2=" " tag="260"><subfield code="a">Cincinnati [Ohio] :</subfield><subfield code="b">Gamaliel Bailey, Jr.,</subfield><subfield code="c">1843-1846.</subfield></datafield><datafield ind1=" " ind2=" " tag="300"><subfield code="a">3 v. :</subfield><subfield code="b">ill. (chiefly advertisements) ;</subfield><subfield code="c">58-66 cm.</subfield></datafield><datafield ind1=" " ind2=" " tag="310"><subfield code="a">Weekly</subfield></datafield><datafield ind1="0" ind2=" " tag="362"><subfield code="a">Vol. 8, no. 5 (Oct. 18, 1843)-v. 11, no. 12 (Dec. 9, 1846) = Whole no. 369-whole no. 533.</subfield></datafield><datafield ind1=" " ind2=" " tag="500"><subfield code="a">"Abolitionist." Cf. Gutgesell, S. Guide to Ohio newspapers, 1974.</subfield></datafield><datafield ind1=" " ind2=" " tag="530"><subfield code="a">Also issued on microfilm from UMI as part of American periodical series, 1800-1850, and from Center for Research Libraries; also available online.</subfield></datafield><datafield ind1=" " ind2=" " tag="580"><subfield code="a">Also published in a daily ed.: Cincinnati morning herald, Oct. 9, 1844-Dec. 9, 1846; and a triweekly ed.?</subfield></datafield><datafield ind1=" " ind2="0" tag="650"><subfield code="a">Abolitionists</subfield><subfield code="z">Ohio</subfield><subfield code="v">Newspapers.</subfield></datafield><datafield ind1=" " ind2="0" tag="651"><subfield code="a">Cincinnati (Ohio)</subfield><subfield code="v">Newspapers.</subfield></datafield><datafield ind1=" " ind2="7" tag="655"><subfield code="a">Newspapers.</subfield><subfield code="2">fast</subfield><subfield code="0">(OCoLC)fst01423814</subfield></datafield><datafield ind1=" " ind2="7" tag="650"><subfield code="a">Abolitionists.</subfield><subfield code="2">fast</subfield><subfield code="0">(OCoLC)fst00794478</subfield></datafield><datafield ind1=" " ind2="7" tag="651"><subfield code="a">Ohio.</subfield><subfield code="2">fast</subfield><subfield code="0">(OCoLC)fst01205075</subfield></datafield><datafield ind1=" " ind2="7" tag="651"><subfield code="a">Ohio</subfield><subfield code="z">Cincinnati.</subfield><subfield code="2">fast</subfield><subfield code="0">(OCoLC)fst01205142</subfield></datafield><datafield ind1=" " ind2=" " tag="752"><subfield code="a">United States</subfield><subfield code="b">Ohio</subfield><subfield code="c">Hamilton</subfield><subfield code="d">Cincinnati.</subfield></datafield><datafield ind1="1" ind2=" " tag="775"><subfield code="t">Cincinnati morning herald</subfield><subfield code="w">(DLC)sn 84028686</subfield><subfield code="w">(OCoLC)11416252</subfield></datafield><datafield ind1="1" ind2=" " tag="776"><subfield code="t">Cincinnati weekly herald and philanthropist</subfield><subfield code="w">(DLC)sf 89091879</subfield><subfield code="w">(OCoLC)10379825</subfield></datafield><datafield ind1="1" ind2=" " tag="776"><subfield code="t">Cincinnati weekly herald and philanthropist (Online)</subfield><subfield code="w">(DLC)  2008266789</subfield><subfield code="w">(OCoLC)70959326</subfield></datafield><datafield ind1="0" ind2="0" tag="780"><subfield code="t">Philanthropist (New Richmond, Ohio)</subfield><subfield code="w">(DLC)sn 83035430</subfield><subfield code="w">(OCoLC)9851050</subfield></datafield><datafield ind1="0" ind2="0" tag="785"><subfield code="t">Cincinnati weekly herald</subfield><subfield code="w">(DLC)sn 84028683</subfield><subfield code="w">(OCoLC)11411696</subfield></datafield><datafield ind1="4" ind2="1" tag="856"><subfield code="u">http://gateway.proquest.com/openurl?url_ver=Z39.88-2004&amp;res_dat=xri:pqd::hnp&amp;rft_val_fmt=info:ofi/fmt:kev:mtx:journal&amp;rft_dat=xri:pqd:PMID=41531</subfield></datafield></record>